<?xml version="1.0" encoding="UTF-8"?><collection xmlns="http://www.loc.gov/MARC21/slim"><record><leader>00595nam--2200181-i-4500</leader><controlfield tag="001">000031984</controlfield><controlfield tag="002">20161230</controlfield><controlfield tag="005">20161230201038</controlfield><controlfield tag="008">060222s1000------------r-----000-0-fre-d</controlfield><datafield ind1=" " ind2=" " tag="040"><subfield code="a">IFIN-HH</subfield></datafield><datafield ind1=" " ind2=" " tag="041"><subfield code="a">fre</subfield></datafield><datafield ind1=" " ind2=" " tag="080"><subfield code="a">537.226</subfield></datafield><datafield ind1="1" ind2=" " tag="100"><subfield code="a">Michel, Robert</subfield></datafield><datafield ind1=" " ind2=" " tag="245"><subfield code="a">Etude du sel de seignette en hyperfrequence. mesure de la constante dielectrique a 37 ghz. etude en r.p.e. des radicaux libres produits par irradiation</subfield><subfield code="b">These</subfield><subfield code="c">Robert michel</subfield></datafield><datafield ind1=" " ind2=" " tag="260"><subfield code="a">Lyon</subfield><subfield code="b">La Faculte Des Sciences De L`Universite</subfield><subfield code="c">1963</subfield></datafield><datafield ind1=" " ind2=" " tag="300"><subfield code="a">94P</subfield></datafield><datafield ind1=" " ind2=" " tag="852"><subfield code="a">22883</subfield><subfield code="c">537.226</subfield></datafield><datafield ind1=" " ind2=" " tag="CAT"><subfield code="a">Sys</subfield><subfield code="c">20110705</subfield><subfield code="h">164218</subfield></datafield></record></collection>